year,quarter,period,revenue,cogs,opex,total_cost,gross_profit,operating_profit,net_profit,total_assets,current_assets,fixed_assets,total_liabilities,current_liabilities,long_term_debt,equity,gross_margin,operating_margin,net_margin,asset_turnover,debt_to_equity,debt_to_assets,current_ratio
2022,1,Q1-2022,1072398.83,689131.15,239358.77,928489.92,383267.68,143908.91,128049.97,924844.74,583760.99,341083.76,380681.56,332424.55,48257.01,544163.18,35.74,13.42,11.94,1.16,0.7,41.16,1.76
2022,2,Q2-2022,1020223.0,618470.29,155133.53,773603.82,401752.71,246619.18,233175.1,1155889.25,742621.65,413267.6,504389.61,371574.19,132815.42,651499.65,39.38,24.17,22.86,0.88,0.77,43.64,2.0
2022,3,Q3-2022,864763.6,500450.34,167067.57,667517.91,364313.26,197245.69,166413.1,903454.13,567277.74,336176.39,414169.51,320265.84,93903.67,489284.62,42.13,22.81,19.24,0.96,0.85,45.84,1.77
2022,4,Q4-2022,991214.0,612348.61,168474.04,780822.65,378865.39,210391.34,184541.65,1027855.04,626261.88,401593.16,536035.62,393506.34,142529.29,491819.42,38.22,21.23,18.62,0.96,1.09,52.15,1.59
2023,1,Q1-2023,1154958.05,741867.48,284770.16,1026637.63,413090.58,128320.42,118216.42,1064692.89,659613.9,405079.0,571576.77,450419.92,121156.84,493116.13,35.77,11.11,10.24,1.08,1.16,53.68,1.46
2023,2,Q2-2023,1063068.79,610495.47,163116.06,773611.52,452573.33,289457.27,271047.23,960495.4,703567.16,256928.24,444077.57,357044.41,87033.16,516417.83,42.57,27.23,25.5,1.11,0.86,46.23,1.97
2023,3,Q3-2023,1044669.03,551301.27,257989.86,809291.13,493367.76,235377.9,215669.69,1228321.4,956819.96,271501.44,638211.23,564417.96,73793.27,590110.17,47.23,22.53,20.64,0.85,1.08,51.96,1.7
2023,4,Q4-2023,1055353.28,558701.31,163076.07,721777.38,496651.96,333575.9,283139.07,1008359.36,659739.08,348620.28,570476.79,440037.65,130439.14,437882.57,47.06,31.61,26.83,1.05,1.3,56.57,1.5
